@article{francis2011,
	author = {R. I. C. C. Francis},
	title = {Data weighting in statistical fisheries stock assessment models},
  journal   = {Can. J. Fish. Aquat. Sci.},
	year = {2011},
	Volume = {68},
	Number = {6},
	Pages = {1124-1138},
}

